@book{Nobre_2014,
  author    = "Nobre, R. A. and Kinouchi, M. R. and Constantino, P. A. L. and Pereira, R. C. and Uehara-Prado, M.",
  title     = "Monitoramento da biodiversidade: roteiro metodológico de aplicação",
  publisher = "Instituto Chico Mendes de Conservação da Biodiversidade",
  address   = "Brasília, DF",
  year      = 2014
}