
@article{Brasil_2022,
  author       = {Brasil},
  title        = {Instrução Normativa nº 2/2022/GABIN/ICMBIO, de 28 de janeiro de 2022},
  nota         = {Reformula conceitos, princípios, finalidades, instrumentos e procedimentos para a implementação do Programa Nacional de Monitoramento da Biodiversidade do Instituto Chico Mendes - Programa Monitora},
  journal      = {Diário Oficial da União - DOU},
  year         = {2022},
  date         = {2022-01-28},
  organization = {Instituto Chico Mendes de Conservação da Biodiversidade - ICMBio},
  issn         = { },
  url          = {https://www.gov.br/icmbio/pt-br/acesso-a-informacao/institucional/legislacao/instrucoes-normativas/Instruesnormativas.pdf},
  urldate      = {2022-09-12},
  address      = {Brasília, DF},
  shorttitle   = {IN nº 2/2022/GABIN/ICMBio},
  timestamp    = 2022-01-28}
}



@techreport{Costa-Pereira_2013,
  title       = "Monitoramento {\textit{in situ}} da biodiversidade: proposta para um {Sistema Brasileiro} de {Monitoramento} da {Biodiversidade}",
  author      = "Costa-Pereira, R. and Roque, F. O. and Constantino, P. and Sabino, J. and Uehara-Prado, M.",
  institution = "Instituto Chico Mendes de Conservação da Biodiversidade",
  address     = "Brasília, DF",
  number      = " ",
  pages = { },
  url          = { },
  urldate      = { },
  year        = 2013
}







@book{Nobre_2014,
  author    = "Nobre, R. A. and Kinouchi, M. R. and Constantino, P. A. L. and Pereira, R. C. and Uehara-Prado, M.",
  title     = "Monitoramento da biodiversidade: roteiro metodológico de aplicação",
  publisher = "Instituto Chico Mendes de Conservação da Biodiversidade - ICMBio",
  address   = "Brasília, DF",
  year      = 2014
}




@techreport{Reis_2015,
  title       = "Guia de identificação de espécies alvo de aves e mamíferos",
  author      = "Reis, M. L. and Raíces, D. S. L. and Martins, J. F. and Sampaio, R. and Laranjeira, T. O. and Constantino, P. A. L.",
  institution = "Instituto Chico Mendes de Conservação da Biodiversidade - ICMBio",
  address     = "Brasília, DF",
  number      = "ISBN 978-85-62913-22-8",
  url          = {https://www.gov.br/icmbio/pt-br/assuntos/monitoramento/conteudo/Materiais-de-Apoio},
  urldate      = {2022-09-12},
  year        = 2015,
  month       = 
}



@techreport{Santos_2015,
  title       = "Guia de identificação de tribos de borboletas frugívoras",
  author      = "Santos, J. P. and Freitas, A. V. L. and Constantino, P. A. L. and Uehara-Prado, M.",
  institution = "Instituto Chico Mendes de Conservação da Biodiversidade - ICMBio",
  address     = "Brasília, DF",
  number      = "ISBN 978-85-67011-10-3",
  url          = {https://www.gov.br/icmbio/pt-br/assuntos/monitoramento/conteudo/Materiais-de-Apoio},
  urldate      = {2022-09-12},
  year        = 2015,
  month       = 
}



